@inproceedings{dns,
	author = {Sapio and Amedeo and Ibrahim Abdelaziz and Abdulla Aldilaijan and Marco Canini and Panos Kalnis},
	title = "{In-Network Computation is a Dumb Idea Whose Time Has Come}",
	booktitle = {Proceedings of the 16th ACM Workshop on Hot Topics in Networks},
	year = {2017},
	pages = {150--156},
	numpages = {7},
	publisher = {ACM},
	keywords = {In-network, software-defined networking},
} 

@inproceedings{p4xos,
	author = {Dang, Huynh Tu and Pietro Bressana and Han Wang and Ki Suh Lee and Hakim Weatherspoon and Marco Canini and Fernando Pedone and Noa Zilberman and Soul{\'e}, Robert},
	title = "{P4xos: Consensus as a Network Service}",
	series = {Tech Report},
	year = {May 2018},
	location = {University of Lugano 2018/01},
	numpages = {15},
	url = {http://web.inf.usi.ch/file/pub/105/p4xos.pdf},
	keywords = {NetPaxos, paxos, software-defined networking},
} 

@article{dang16,
	author = {Dang, Huynh Tu and Canini, Marco and Pedone, Fernando and Soul{\'e}, Robert},
	title = {Paxos Made Switch-y},
	journal = CCR,
	volume = {46},
	number = {2},
	month = may,
	year = {2016},
	pages = {18--24},
}

@inproceedings{switchml,
	author = {Xiong, Zhaoqi and Zilberman, Noa},
	title = {Do Switches Dream of Machine Learning?: Toward In-Network Classification},
	booktitle = {Proceedings of the 18th ACM Workshop on Hot Topics in Networks},
	series = {HotNets '19},
	year = {2019},
	isbn = {978-1-4503-7020-2},
	location = {Princeton, NJ, USA},
	pages = {25--33},
	numpages = {9},
	url = {http://doi.acm.org/10.1145/3365609.3365864},
	doi = {10.1145/3365609.3365864},
	acmid = {3365864},
	publisher = {ACM},
	address = {New York, NY, USA},
} 

@misc{sigarch,
	author="{Noa Zilberman}",
	title ="{In-Network Computing}",
	howpublished = "\url{https://www.sigarch.org/in-network-computing-draft/}"
}

@inproceedings{yuta,
	author = {Tokusashi, Yuta and Dang, Huynh Tu and Pedone, Fernando and Soul{\'e}, Robert and Zilberman, Noa},
	title = {The Case For In-Network Computing On Demand},
	booktitle = {Proceedings of the Fourteenth EuroSys Conference 2019},
	series = {EuroSys '19},
	year = {2019},
	isbn = {978-1-4503-6281-8},
	location = {Dresden, Germany},
	pages = {21:1--21:16},
	articleno = {21},
	numpages = {16},
	url = {http://doi.acm.org/10.1145/3302424.3303979},
	doi = {10.1145/3302424.3303979},
	acmid = {3303979},
	publisher = {ACM},
	address = {New York, NY, USA},
} 

@misc{resnet,
	author="{NVIDIA}",
	title ="{NVIDIA Tesla Deep Learning Product Performance}",
	howpublished = "\url{https://developer.nvidia.com/deep-learning-performance-training-inference}"
}


